
@manual{riscvisa,
	title = {The RISC-V Instruction Set Manual, Volume I: User-Level ISA, Document Version
	20190608-Base-Ratified},
	date = {2019-03-01},
}
	
@manual{x86-64isa,
	title = {IntelÂ® 64 and IA-32 Architectures Software Developer's Manual},
	date = {2016-09-01},
}

@manual{tinyemu,
	title = {TinyEMU System Emulator},
	author = {Fabrice Bellard},
	url = {https://bellard.org/tinyemu/readme.txt},
	urldate = {2019-10-10},
}

@manual{qemu,
	title = {QEMU version 4.1.0 User Documentation},
	url = {https://qemu.weilnetz.de/doc/qemu-doc.html},
	urldate = {2019-10-10}
}

@manual{linux-man,
	title = {Linux Programmer's Manual},
	url = {http://man7.org/linux/man-pages/index.html},
	urldate = {2019-10-7}
}

@manual{systemv,
	title = {Systen V Application Binary Interface AMD64 Processor Supplement},
	url = {https://github.com/hjl-tools/x86-psABI/wiki/x86-64-psABI-1.0.pdf},
	urldate = {2019-10-10},
	date = {2018-1-28}
}

@incollection{rv8,
	author = {Michael Clark and Bruce Hoult},
	title = {rv8: a high performance RISC-V to x86-64 binary translator},
	booktitle = {First Workshop on Computer Architecture Research with RISC-V},
	date = {2017-10-01},
}

@article{uncol,
	title={Proposal for an UNCOL},
	author={Conway, Melvin E},
	journal={Communications of the ACM},
	volume={1},
	number={10},
	pages={5--8},
	year={1958},
	publisher={ACM}
}

@manual{arm,
	ALTauthor = {multiple authors},
	title = {ARM Architecture Reference Manual},
	date = {2005},
	OPTorganization = {ARM Limited},
}

@manual{ppc,
	ALTauthor = {multiple authors},
	title = {PowerPC Architecture Book, Version 2.02},
	date = {2005},
	OPTorganization = {IBM},
}

@inproceedings{qemu-conference-paper,
	author = {Bellard, Fabrice},
	year = {2005},
	month = {01},
	pages = {41--46},
	title = {QEMU, a Fast and Portable Dynamic Translator.}
}

@inproceedings{arm-binary-translator,
	title = "Low Overhead Dynamic Binary Translation on ARM",
	author = "Amanieu d'Antras and Cosmin Gorgovan and Jim Garside and Mikel Luj\'an",
	year = "2017",
	language = "English"
}

@book{smith2005virtual,
  title={Virtual machines: versatile platforms for systems and processes},
  author={Smith, Jim and Nair, Ravi},
  year={2005},
  pages = {173--177},
  publisher={Elsevier}
}

@manual{arm-technical-reference-manual,
	title = {Cortex-R4 and Cortex-R4F Technical Reference Manual, Revision: r1p4},
	date = {2011},
	pages = {155},
	OPTorganization = {ARM Limited}
}